@manual{Pandoc,
  title  = "Pandoc User Guide",
  url    = "https://www.pandoc.org/MANUAL.html#divs-and-spans"
}
@manual{D3,
  title  = "Data-Driven Documents",
  url    = "https://d3js.org/"
}
@manual{Desiree,
  title  = "Of Teacups, Giraffes, & R Markdown",
  url    = "https://rstudio.com/resources/rstudioconf-2020/of-teacups-giraffes-r-markdown/",
  year = {2020}
}

